<?xml version="1.0" encoding="UTF-8"?>
<collection xmlns:xsi="http://www.w3.org/2001/XMLSchema-instance" xsi:schemaLocation="http://www.loc.gov/MARC21/slim http://www.loc.gov/standards/marcxml/schema/MARC21slim.xsd" xmlns="http://www.loc.gov/MARC21/slim">
<record>
  <leader>01832cam a2200277 a 4500</leader>
  <controlfield tag="001">3063302</controlfield>
  <controlfield tag="003">NNC</controlfield>
  <controlfield tag="005">20130426014926.0</controlfield>
  <controlfield tag="008">901123s1900    ua            000 0 araod</controlfield>
  <datafield tag="035" ind1=" " ind2=" ">
    <subfield code="a">(OCoLC)ocm22730500</subfield>
  </datafield>
  <datafield tag="035" ind1=" " ind2=" ">
    <subfield code="9">ATN5098CU</subfield>
  </datafield>
  <datafield tag="035" ind1=" " ind2=" ">
    <subfield code="a">(NNC)3063302</subfield>
  </datafield>
  <datafield tag="040" ind1=" " ind2=" ">
    <subfield code="a">CLE</subfield>
    <subfield code="c">CLE</subfield>
    <subfield code="d">OCL</subfield>
    <subfield code="d">ZCU</subfield>
  </datafield>
  <datafield tag="099" ind1=" " ind2=" ">
    <subfield code="a">893.799</subfield>
    <subfield code="a">Su154</subfield>
  </datafield>
  <datafield tag="100" ind1="1" ind2=" ">
    <subfield code="a">Bannānī, ʻAbd al-Raḥmān ibn Jād Allāh,</subfield>
    <subfield code="d">-1783 or 1784.</subfield>
  </datafield>
  <datafield tag="240" ind1="1" ind2="0">
    <subfield code="a">Ḥāshiyat al-Bannānī ʻalá Jamʻ al-Jawāmiʻ</subfield>
  </datafield>
  <datafield tag="245" ind1="1" ind2="0">
    <subfield code="a">Ḥāshiyat al-ʻallāmah al-Bannānī ʻalá sharḥ al-Jalāl al-Muḥallī ʻalá Jamʻ al-Jawāmiʻ lil-Imām Ibn al-Subkī, taghammada Allāh al-jamīʻ bi-raḥmatihi wa-askanahum fasīḥ jannatih :</subfield>
    <subfield code="b">wa-bi-hāmishihi al-sharḥ al-madhkūr wa-baʻḍ taqrīr al-ʻālim al-ʻallāmah al-Shaykh ʻAbd al-Raḥmān al-Shirbīnī, ḥafiẓahu Allāh, āmīn.</subfield>
  </datafield>
  <datafield tag="260" ind1=" " ind2=" ">
    <subfield code="a">Miṣr [Cairo] :</subfield>
    <subfield code="b">Muṣṭafá al-Bābī al-Ḥalabī wa-akhawayh,</subfield>
    <subfield code="c">1318 H [1900]</subfield>
    <subfield code="e">(Miṣr :</subfield>
    <subfield code="f">al-Maṭbaʻah al-Sharīfah)</subfield>
  </datafield>
  <datafield tag="300" ind1=" " ind2=" ">
    <subfield code="a">2 v. in 1 ;</subfield>
    <subfield code="c">28 cm.</subfield>
  </datafield>
  <datafield tag="500" ind1=" " ind2=" ">
    <subfield code="a">A supercommentary by al-Bannānī on Maḥallīʾs al-Badr al-ṭāliʻ fī ḥall jamʻ al-jawāmiʻ, itself commentary on al-Subkī's Jamʻ al-Jawāmiʻ fī uṣūl al-fiqh. Maḥallī's commentary, and with it al-Bannānī's supercommentary, occupy the center of each page; al-Shirbīnī's notes are printed in the margin.</subfield>
  </datafield>
  <datafield tag="650" ind1=" " ind2="0">
    <subfield code="a">Islamic law</subfield>
    <subfield code="x">Interpretation and construction.</subfield>
  </datafield>
  <datafield tag="700" ind1="1" ind2=" ">
    <subfield code="a">Subkī, Tāj al-Dīn ʻAbd al-Wahhāb ibn ʻAlī,</subfield>
    <subfield code="d">approximately 1327-1370.</subfield>
    <subfield code="t">Jamʻ al-jawāmiʻ fī al-uṣūl.</subfield>
  </datafield>
  <datafield tag="700" ind1="1" ind2=" ">
    <subfield code="a">Maḥallī, Jalāl al-Dīn Muḥammad ibn Aḥmad,</subfield>
    <subfield code="d">1389-1459.</subfield>
    <subfield code="t">Badr al-ṭāliʻ.</subfield>
  </datafield>
  <datafield tag="700" ind1="1" ind2=" ">
    <subfield code="a">Shirbīnī, ʻAbd al-Raḥmān,</subfield>
    <subfield code="d">-1908 or 1909.</subfield>
  </datafield>
  <datafield tag="740" ind1="0" ind2="1">
    <subfield code="a">Jamʻ al-jawāmiʻ.</subfield>
  </datafield>
  <datafield tag="955" ind1=" " ind2=" ">
    <subfield code="b">CU10163867</subfield>
    <subfield code="d">off,glx</subfield>
    <subfield code="e">893.799 Su154</subfield>
  </datafield>
</record>
</collection>